@book{Natural_Language_Processing_by_Deep_Learning,
	Author = {坪井祐太 and 海野裕也 and 鈴木潤},
	Date-Added = {2018-02-08 01:24:22 +0000},
	Date-Modified = {2018-02-08 01:26:46 +0000},
	Publisher = {講談社},
	Title = {深層学習による自然言語処理},
	Year = {2017}}

@article{Mikolov_word2vec,
	Archiveprefix = {arXiv},
	Author = {Tomas Mikolov and Kai Chen and Greg Corrado and Jeffrey Dean},
	Bibsource = {dblp computer science bibliography, http://dblp.org},
	Biburl = {http://dblp.org/rec/bib/journals/corr/abs-1301-3781},
	Eprint = {1301.3781},
	Journal = {CoRR},
	Modified = {2018-01-22 03:05:12 +0000},
	Timestamp = {Wed, 07 Jun 2017 14:42:25 +0200},
	Title = {Efficient Estimation of Word Representations in Vector Space},
	Url = {http://arxiv.org/abs/1301.3781},
	Volume = {abs/1301.3781},
	Year = 2013,
	Bdsk-Url-1 = {http://arxiv.org/abs/1301.3781}}

@article{ADAM,
	Archiveprefix = {arXiv},
	Author = {Diederik P. Kingma and Jimmy Ba},
	Bibsource = {dblp computer science bibliography, http://dblp.org},
	Biburl = {http://dblp.org/rec/bib/journals/corr/KingmaB14},
	Date-Modified = {2018-02-01 01:04:48 +0000},
	Eprint = {1412.6980},
	Journal = {CoRR},
	Timestamp = {Wed, 07 Jun 2017 14:40:52 +0200},
	Title = {Adam: {A} Method for Stochastic Optimization},
	Url = {http://arxiv.org/abs/1412.6980},
	Volume = {abs/1412.6980},
	Year = {2014},
	Bdsk-Url-1 = {http://arxiv.org/abs/1412.6980}}

